
@misc{Auth,
    title = "Spotify authentication and authorization for Android",
    howpublished = "\url{https://github.com/spotify/android-auth}", 
    note = "[Accessed 04/04/2020]"
}

@misc{APISpotify,
    title = "API Spotify, Android SDK",
    year = "2020",
    howpublished = "\url{https://developer.spotify.com/documentation/android}", 
    note = "[Accessed 04/04/2020]"
}

@misc{Algorithme,
    author = "Boratto, L.",
    title = "Challenges and Solutions in Group Recommender Systems",
    year = "2017",
    howpublished = "\url{https://www.slideshare.net/LudovicoBoratto/challenges-and-solutions-in-group-recommender-systems}",
    note = "[Accessed 04/04/2020]"
}

@misc{APIDeezer,
    title = "API Deezer",
    year = "2020",
    howpublished = "\url{https://developers.deezer.com/api}",
    note = "[Accessed 04/04/2020]"
}
    

@book{Music,
    author = {Kenton O'Hara and Barry Brown},
    title = {Consuming Music Together : Social and Collaborative Aspects of Music Consumption Technologies},
    year = 2006
}  

@article{Flytrap,
    author = {Crossen, A. and Budzik, J. and Hammond, K.},
    title = {Flytrap: Intelligent Group Music Recommendation.},
    journal = {Proceedings of the 7th International Conference on Intelligent User Interfaces},
    year = 2002,
    pages = {184–185}
} 

@article{MusicFX,
    author = {McCarthy, J. and Anagnost, T.},
    title = {MusicFX: An Arbiter of Group Preferences for Computer Supported Collaborative Workouts},
    journal = {Proceedings of the 1998 Conference on Computer-Supported Cooperative Work},
    year = 1998,
    pages = {363–372}
} 

@article{Group,
    author = {Cantador, Iván and Castells, Pablo},
    year = {2012},
    month = {January},
    pages = {},
    title = {Group Recommender Systems: New Perspectives in the Social Web},
    volume = {32},
    journal = {Intelligent Systems Reference Library},
    doi = {10.1007/978-3-642-25694-3_7}
}